@Article{VESTA,
author = "Momma, Koichi and Izumi, Fujio",
title = "{{\it VESTA3} for three-dimensional visualization of crystal, volumetric and morphology data}",
journal = "Journal of Applied Crystallography",
year = "2011",
volume = "44",
number = "6",
pages = "1272--1276",
doi = {10.1107/S0021889811038970},
url = {https://doi.org/10.1107/S0021889811038970},
}
@Article {HermannKey,
	author = {Hermann, Andreas and Mookherjee, Mainak},
	title = {High-pressure phase of brucite stable at Earth{\textquoteright}s mantle transition zone and lower mantle conditions},
	volume = {113},
	number = {49},
	pages = {13971--13976},
	year = {2016},
	doi = {10.1073/pnas.1611571113},
	publisher = {National Academy of Sciences},
	journal = {Proceedings of the National Academy of Sciences}
}
@Article {BELL1391,
	author = {BELL, DAVID R. and ROSSMAN, GEORGE R.},
	title = {Water in Earth{\textquoteright}s Mantle: The Role of Nominally Anhydrous Minerals},
	volume = {255},
	number = {5050},
	pages = {1391--1397},
	year = {1992},
	doi = {10.1126/science.255.5050.1391},
	publisher = {American Association for the Advancement of Science},
	journal = {Science}
}
@Article{peacockwater,
author = {Peacock, Simon M. and Hyndman, Roy D.},
title = {Hydrous minerals in the mantle wedge and the maximum depth of subduction thrust earthquakes},
journal = {Geophysical Research Letters},
volume = {26},
number = {16},
pages = {2517-2520},
doi = {10.1029/1999GL900558},
year = {1999}
}
@Article{RaugeiKey,
author = {Raugei, Simone and Silvestrelli, Pier and Parrinello, Michele},
year = {1999},
month = {09},
pages = {2222-2225},
title = {Pressure-Induced Frustration and Disorder in Mg\(OH\)2 and Ca\(OH\)2},
volume = {83},
journal = {Physical Review Letters - PHYS REV LETT},
doi = {10.1103/PhysRevLett.83.2222}
}
@Article{PressHBond,
author = {John B. Parise et al},
year = {1994},
pages = {193-196},
title = {Pressure Induced H bonding: Neutron diffraction study of brucite Mg(OD)_2, to 9.3 GPa},
volume = {79},
journal = {American Mineralogist},
}
@Article{Catti1995,
author="Catti, M. et al",
title="Static compression and H disorder in brucite, Mg(OH)2, to 11 GPa: a powder neutron diffraction study",
journal="Physics and Chemistry of Minerals",
year="1995",
volume="22",
number="3",
pages="200--206",
doi="10.1007/BF00202300",
}
@Article{BornOpp,
author = {M. Born, J. R. Oppenheimer},
title = {Zur Quantentheorie der Molekeln},
journal = {Annalen der Physik},
year = {1927},
volume = {389},
issue = {20},
pages = {457-484}
}
@Article{InhomegasHohenberg,
  title = {Inhomogeneous Electron Gas},
  author = {Hohenberg, P. and Kohn, W.},
  journal = {Phys. Rev.},
  volume = {136},
  issue = {3B},
  pages = {B864--B871},
  year = {1964},
  publisher = {American Physical Society},
  doi = {10.1103/PhysRev.136.B864},
}
@Book{DFTintro,
publisher = {John Wiley & Sons, Ltd},
title = {Density Functional Theory: An Introduction},
pages = {1-33},
doi = {10.1002/9780470447710.ch1},
year = {2009},
}
@Article{ExCKohnSham,
  title = {Self-Consistent Equations Including Exchange and Correlation Effects},
  author = {Kohn, W. and Sham, L. J.},
  journal = {Phys. Rev.},
  volume = {140},
  issue = {4A},
  pages = {A1133--A1138},
  year = {1965},
  publisher = {American Physical Society},
  doi = {10.1103/PhysRev.140.A1133},
}
@Article{Constantin,
  title = {Simple dynamic exchange-correlation kernel of a uniform electron gas},
  author = {Constantin, Lucian A. and Pitarke, J. M.},
  journal = {Phys. Rev. B},
  volume = {75},
  issue = {24},
  pages = {245127},
  year = {2007},
  publisher = {American Physical Society},
  doi = {10.1103/PhysRevB.75.245127},
}
@Article{PerdewJohnWang,
  title = {Accurate and simple analytic representation of the electron-gas correlation energy},
  author = {Perdew, John P. and Wang, Yue},
  journal = {Phys. Rev. B},
  volume = {45},
  issue = {23},
  pages = {13244--13249},
  year = {1992},
  publisher = {American Physical Society},
  doi = {10.1103/PhysRevB.45.13244},
}
@Article {Medvedev49,
	author = {Medvedev, Michael G. and Bushmarinov, Ivan S. and Sun, Jianwei and Perdew, John P. and Lyssenko, Konstantin A.},
	title = {Density functional theory is straying from the path toward the exact functional},
	volume = {355},
	number = {6320},
	pages = {49--52},
	year = {2017},
	doi = {10.1126/science.aah5975},
	publisher = {American Association for the Advancement of Science},
	journal = {Science}
}
@Book{DFTA,
series = {Theoretical and Mathematical Physics},
publisher = {Springer Berlin Heidelberg},
year = {2011},
title = {Density Functional Theory: An Advanced Course},
author = {Engel, Eberhard and Dreizler, Reiner M},
}
@Article{AssessPBE,
author = {Ernzerhof,Matthias  and Scuseria,Gustavo E. },
title = {Assessment of the Perdew–Burke–Ernzerhof exchange-correlation functional},
journal = {The Journal of Chemical Physics},
volume = {110},
number = {11},
pages = {5029-5036},
year = {1999},
doi = {10.1063/1.478401},
}
@Article{PBE,
  title = {Generalized Gradient Approximation Made Simple},
  author = {Perdew, John P. and Burke, Kieron and Ernzerhof, Matthias},
  journal = {Phys. Rev. Lett.},
  volume = {77},
  issue = {18},
  pages = {3865--3868},
  year = {1996},
  publisher = {American Physical Society},
  doi = {10.1103/PhysRevLett.77.3865},
}
@misc{PAWintro,
title = {Introduction to Plane-Wave Basis Sets and Pseudopotential Theory},
author = {Eric J. Bylaska},
howpublished = {\url{http://www.nwchem-sw.org/images/Pw-lecture.pdf}},
note = {Accessed on: 21/11/19},
}
@Article{Bloch1929,
author="Bloch, Felix",
title="{\"U}ber die Quantenmechanik der Elektronen in Kristallgittern",
journal="Zeitschrift f{\"u}r Physik",
year="1929",
volume="52",
number="7",
pages="555--600",
doi="10.1007/BF01339455",
}
@Article{Baldereschi,
  title = {Mean-Value Point in the Brillouin Zone},
  author = {Baldereschi, A.},
  journal = {Phys. Rev. B},
  volume = {7},
  issue = {12},
  pages = {5212--5215},
  year = {1973},
  publisher = {American Physical Society},
  doi = {10.1103/PhysRevB.7.5212},
}
@Book{GTherm,
publisher = {Springer},
year = {2011},
title = {Generalised thermostatistics},
author = {Naudts, Jan},
}
@Misc{KPoints,
author = {Martijn Marsman},
title = {Sampling the Brillouin Zone},
howpublished = {\url{https://wiki.bnl.gov/CFN-Computation/images/3/34/K-point.pdf}},
note = {Accessed on: 21/11/19}
}
@Misc{VASP,
title = {Vienna Ab-initio Simulation Package},
howpublished = {\url{https://cms.mpi.univie.ac.at/vasp/vasp/vasp.html}},
note = {Last accessed on: 25/11/2019}
}
@Misc{ETree,
title = {Element Tree},
howpublished = {\url{https://docs.python.org/2/library/xml.etree.elementtree.html}},
note = {Last accessed on: 21/11/2019}
}
@Misc{THOMAS,
title = {Thomas UCL},
howpublished = {\url{https://wiki.rc.ucl.ac.uk/wiki/Thomas}},
note = {Last accessed on: 25/11/19}
}
@Misc{VMD,
title = {Visual Molecular Dynamics},
howpublished = {\url{https://www.ks.uiuc.edu/Research/vmd/}},
note = {Last accessed on: 25/11/19}
}
@Misc{Compmod,
title = {Computer Modelling Project B Instructions}
}
@article{Aoki,
author = { K.   Aoki  and  Eriko   Katoh  and  H.   Yamawaki  and  H.   Fujihisa  and  M.   Sakashita },
title = {Proton Diffusion in High Pressure Ice},
journal = {High Pressure Research},
volume = {22},
number = {1},
pages = {9-11},
year  = {2002},
publisher = {Taylor & Francis},
doi = {10.1080/08957950211371},
}