@Article{Bloch1929,
author="Bloch, Felix",
title="{\"U}ber die Quantenmechanik der Elektronen in Kristallgittern",
journal="Zeitschrift f{\"u}r Physik",
year="1929",
month="Jul",
day="01",
volume="52",
number="7",
pages="555--600",
abstract="Die Bewegung eines Elektrons im Gitter wird untersucht, indem wir uns dieses durch ein zun{\"a}chst streng dreifach periodisches Kraftfeld schematisieren. Unter Hinzunahme der F ermischen Statistik auf die Elektronen gestattet unser Modell Aussagen {\"u}ber den von ihnen herr{\"u}hrenden Anteil der spezifischen W{\"a}rme des Kristalls. Ferner wird gezeigt, da{\ss} die Ber{\"u}cksichtigung der thermischen Gitterschwingungen Gr{\"o}{\ss}enordnung und Temperaturabh{\"a}ngigkeit der elektrischen Leitf{\"a}higkeit von Metallen in qualitativer {\"U}bereinstimmung mit der Erfahrung ergibt.",
issn="0044-3328",
doi="10.1007/BF01339455",
url="https://doi.org/10.1007/BF01339455"
}

