





@article{doi:10.1063/1.478401,
author = {Ernzerhof,Matthias  and Scuseria,Gustavo E. },
title = {Assessment of the Perdew–Burke–Ernzerhof exchange-correlation functional},
journal = {The Journal of Chemical Physics},
volume = {110},
number = {11},
pages = {5029-5036},
year = {1999},
doi = {10.1063/1.478401},

URL = { 
        https://doi.org/10.1063/1.478401
    
},
eprint = { 
        https://doi.org/10.1063/1.478401
    
}

}


