

















@inbook{doi:10.1002/9780470447710.ch1,

publisher = {John Wiley & Sons, Ltd},
isbn = {9780470447710},
title = {What is Density Functional Theory?},
booktitle = {Density Functional Theory},
chapter = {1},
pages = {1-33},
doi = {10.1002/9780470447710.ch1},
url = {https://onlinelibrary.wiley.com/doi/abs/10.1002/9780470447710.ch1},
eprint = {https://onlinelibrary.wiley.com/doi/pdf/10.1002/9780470447710.ch1},
year = {2009},
keywords = {using density functional theory (DFT) calculations in practical context, density functional theory—from wave functions to electron density, exchange–correlation functional},
abstract = {Summary This chapter contains sections titled: How to Approach This Book Examples of DFT in Action The Schrödinger Equation Density Functional Theory—From Wave Functions to Electron Density Exchange–Correlation Functional The Quantum Chemistry Tourist What Can DFT Not Do? Density Functional Theory in Other Fields How to Approach This Book (Revisited) References Further Reading}
}
