@book{EngelEberhard2011DFTA,
series = {Theoretical and Mathematical Physics},
publisher = {Springer Berlin Heidelberg},
isbn = {9783642140891},
year = {2011},
title = {Density Functional Theory: An Advanced Course},
language = {eng},
address = {Berlin, Heidelberg},
author = {Engel, Eberhard and Dreizler, Reiner M},
keywords = {Physics ; Atomic, Molecular, Optical and Plasma Physics ; Theoretical and Computational Chemistry ; Numerical and Computational Physics, Simulation ; Condensed Matter Physics ; Materials Science, General ; Applied Sciences ; Physics},
}

