@book{NaudtsJan2011Gt,
publisher = {Springer},
isbn = {0857293559},
year = {2011},
title = {Generalised thermostatistics},
language = {eng},
address = {London ; New York},
author = {Naudts, Jan},
keywords = {Statistical thermodynamics},
}

