






@article{doi:10.1080/08957950211371,
author = { K.   Aoki  and  Eriko   Katoh  and  H.   Yamawaki  and  H.   Fujihisa  and  M.   Sakashita },
title = {Proton Diffusion in High Pressure Ice},
journal = {High Pressure Research},
volume = {22},
number = {1},
pages = {9-11},
year  = {2002},
publisher = {Taylor & Francis},
doi = {10.1080/08957950211371},

URL = { 
        https://doi.org/10.1080/08957950211371
    
},
eprint = { 
        https://doi.org/10.1080/08957950211371
    
}

}


